@article{cengiz2019effect,
    title = {The effect of minimum wages on low-wage jobs},
    author = {Cengiz, Doruk and Dube, Arindrajit and Lindner, Attila and Zipperer, Ben},
    journal = {The Quarterly Journal of Economics},
    volume = {134},
    number = {3},
    pages = {1405--1454},
    year = {2019},
    publisher = {Oxford Academic}
}

@article{riley2017raising,
    title = {Raising the standard: Minimum wages and firm productivity},
    author = {Riley, Rebecca and Bondibene, Chiara Rosazza},
    journal = {Labour Economics},
    volume = {44},
    pages = {27--50},
    year = {2017},
    publisher = {Elsevier}
}

@article{li2023does,
    title = {How does minimum wage affect firm pollution discharges: Evidence from China},
    author = {Li, Houjian and Li, Yanjiao and Guo, Lili},
    journal = {Journal of Cleaner Production},
    volume = {414},
    pages = {137504},
    year = {2023},
    publisher = {Elsevier}
}

@misc{card1993minimum,
    title = {Minimum wages and employment: A case study of the fast food industry in New Jersey and Pennsylvania},
    author = {Card, David and Krueger, Alan B},
    year = {1993},
    publisher = {National Bureau of Economic Research Cambridge, Mass., USA}
}

@article{neumark1992employment,
    title = {Employment effects of minimum and subminimum wages: panel data on state minimum wage laws},
    author = {Neumark, David and Wascher, William},
    journal = {ILR Review},
    volume = {46},
    number = {1},
    pages = {55--81},
    year = {1992},
    publisher = {SAGE Publications Sage CA: Los Angeles, CA}
}

@article{goodman2021difference,
    title = {Difference-in-differences with variation in treatment timing},
    author = {Goodman-Bacon, Andrew},
    journal = {Journal of Econometrics},
    volume = {225},
    number = {2},
    pages = {254--277},
    year = {2021},
    publisher = {Elsevier}
}

@article{neumark2000minimum,
    title = {Minimum wages and employment: A case study of the fast-food industry in New Jersey and Pennsylvania: Comment},
    author = {Neumark, David and Wascher, William},
    journal = {American Economic Review},
    volume = {90},
    number = {5},
    pages = {1362--1396},
    year = {2000},
    publisher = {American Economic Association}
}

@article{card2000minimum,
    title = {Minimum wages and employment: a case study of the fast-food industry in New Jersey and Pennsylvania: reply},
    author = {Card, David and Krueger, Alan B},
    journal = {American Economic Review},
    volume = {90},
    number = {5},
    pages = {1397--1420},
    year = {2000},
    publisher = {American Economic Association}
}

@article{clemens2021firms,
    title = {How do firms respond to minimum wage increases? understanding the relevance of non-employment margins},
    author = {Clemens, Jeffrey},
    journal = {Journal of Economic Perspectives},
    volume = {35},
    number = {1},
    pages = {51--72},
    year = {2021},
    publisher = {American Economic Association 2014 Broadway, Suite 305, Nashville, TN 37203-2418}
}

@book{borjas2010labor,
    title = {Labor economics},
    author = {Borjas, George J and Van Ours, Jan C},
    year = {2010},
    publisher = {McGraw-Hill/Irwin Boston}
}

@article{brown1999minimum,
    title = {Minimum wages, employment, and the distribution of income},
    author = {Brown, Charles},
    journal = {Handbook of labor economics},
    volume = {3},
    pages = {2101--2163},
    year = {1999},
    publisher = {Elsevier}
}

@article{coviello2022minimum,
    title = {Minimum wage and individual worker productivity: Evidence from a large US retailer},
    author = {Coviello, Decio and Deserranno, Erika and Persico, Nicola},
    journal = {Journal of Political Economy},
    volume = {130},
    number = {9},
    pages = {2315--2360},
    year = {2022},
    publisher = {The University of Chicago Press Chicago, IL}
}

@article{ku2022does,
    title = {Does minimum wage increase labor productivity? Evidence from piece rate workers},
    author = {Ku, Hyejin},
    journal = {Journal of Labor Economics},
    volume = {40},
    number = {2},
    pages = {325--359},
    year = {2022},
    publisher = {The University of Chicago Press Chicago, IL}
}

@article{draca2011minimum,
    title = {Minimum wages and firm profitability},
    author = {Draca, Mirko and Machin, Stephen and Van Reenen, John},
    journal = {American economic journal: applied economics},
    volume = {3},
    number = {1},
    pages = {129--151},
    year = {2011},
    publisher = {American Economic Association}
}

@techreport{van2006minimum,
    title = {Minimum Wages and Firm Profitability},
    author = {Van Reenen, John and Draca, Mirko and Machin, Stephen J},
    year = {2006},
    institution = {CEPR Discussion Paper}
}

@article{dustmann2022reallocation,
    title = {Reallocation effects of the minimum wage},
    author = {Dustmann, Christian and Lindner, Attila and Sch{\"o}nberg, Uta and Umkehrer, Matthias and Vom Berge, Philipp},
    journal = {The Quarterly Journal of Economics},
    volume = {137},
    number = {1},
    pages = {267--328},
    year = {2022},
    publisher = {Oxford University Press}
}

@article{lester1960employment,
    title = {Employment effects of minimum wages},
    author = {Lester, Richard A},
    journal = {ILR Review},
    volume = {13},
    number = {2},
    pages = {254--264},
    year = {1960},
    publisher = {SAGE Publications Sage CA: Los Angeles, CA}
}

@article{stigler1946economics,
    title = {The economics of minimum wage legislation},
    author = {Stigler, George J},
    journal = {The American Economic Review},
    volume = {36},
    number = {3},
    pages = {358--365},
    year = {1946},
    publisher = {JSTOR}
}

@article{zhang2023unintended,
    title = {The unintended consequence of minimum wage hikes: Evidence based on firms' pollution emission},
    author = {Zhang, Ming-ang and Lu, Shuling and Zhang, Sihan and Bai, Yanfeng},
    journal = {Energy Economics},
    volume = {125},
    pages = {106857},
    year = {2023},
    publisher = {Elsevier}
}

@article{zhao2022energy,
    title = {Energy effects of non-energy policies: Minimum wage standard and enterprise energy efficiency in China},
    author = {Zhao, Yueyang and Mao, Jinzhou},
    journal = {Resources Policy},
    volume = {79},
    pages = {102953},
    year = {2022},
    publisher = {Elsevier}
}

@article{seok2022macroeconomic,
    title = {Macroeconomic impacts of increasing the minimum wage: The case of Korea},
    author = {Seok, Byoung Hoon and You, Hye Mi},
    journal = {Economic Modelling},
    volume = {113},
    pages = {105880},
    year = {2022},
    publisher = {Elsevier}
}

@article{zhao2021effects,
    title = {Effects of minimum wage on workersâ€™ on-the-job effort and labor market outcomes},
    author = {Zhao, Naibao and Sun, Meng},
    journal = {Economic Modelling},
    volume = {95},
    pages = {453--461},
    year = {2021},
    publisher = {Elsevier}
}

@article{aaronson2018industry,
    title = {Industry dynamics and the minimum wage: a putty-clay approach},
    author = {Aaronson, Daniel and French, Eric and Sorkin, Isaac and To, Ted},
    journal = {International Economic Review},
    volume = {59},
    number = {1},
    pages = {51--84},
    year = {2018},
    publisher = {Wiley Online Library}
}

@article{clemens2023important,
    title = {How important are minimum wage increases in increasing the wages of minimum wage workers?},
    author = {Clemens, Jeffrey and Strain, Michael R},
    journal = {Contemporary Economic Policy},
    volume = {41},
    number = {4},
    pages = {594--612},
    year = {2023},
    publisher = {Wiley Online Library}
}

@article{hamermesh1982minimum,
    title = {Minimum wages and the demand for labor},
    author = {Hamermesh, Daniel S},
    journal = {Economic Inquiry},
    volume = {20},
    number = {3},
    pages = {365--380},
    year = {1982},
    publisher = {Wiley Online Library}
}

@article{shapiro2018pollution,
    title = {Why is pollution from US manufacturing declining? The roles of environmental regulation, productivity, and trade},
    author = {Shapiro, Joseph S and Walker, Reed},
    journal = {American Economic Review},
    volume = {108},
    number = {12},
    pages = {3814--3854},
    year = {2018},
    publisher = {American Economic Association 2014 Broadway, Suite 305, Nashville, TN 37203}
}

@article{bell2018minimum,
    title = {Minimum wages and firm value},
    author = {Bell, Brian and Machin, Stephen},
    journal = {Journal of Labor Economics},
    volume = {36},
    number = {1},
    pages = {159--195},
    year = {2018},
    publisher = {University of Chicago Press Chicago, IL}
}

@techreport{meer2023effects,
    title = {Effects of the Minimum Wage on the Nonprofit Sector},
    author = {Meer, Jonathan and Tajali, Hedieh},
    year = {2023},
    institution = {National Bureau of Economic Research}
}

@techreport{machin2004minimum,
    title = {Minimum wages in a low-wage labour market: care homes in the UK},
    author = {Machin, Stephen and Wilson, Joan},
    year = {2004},
    institution = {Oxford University Press Oxford, UK}
}

@article{kim2019minimum,
    title = {Minimum wage increase and firm productivity: Evidence from the restaurant industry},
    author = {Kim, Hong Soon and Jang, SooCheong Shawn},
    journal = {Tourism Management},
    volume = {71},
    pages = {378--388},
    year = {2019},
    publisher = {Elsevier}
}

@article{baek2021impact,
    title = {The impact of the minimum wage on the characteristics of new establishments: Evidence from South Korea},
    author = {Baek, Jisun and Lee, Changkeun and Park, WooRam},
    journal = {Labour Economics},
    volume = {72},
    pages = {102059},
    year = {2021},
    publisher = {Elsevier}
}

@article{medrano2023minimum,
    title = {Do minimum wages deliver what they promise? Effects of minimum wage on employment, output, and income inequality from occupational choice theory},
    author = {Medrano-Ad{\'a}n, Luis and Salas-Fum{\'a}s, Vicente},
    journal = {Economic Analysis and Policy},
    volume = {80},
    pages = {366--383},
    year = {2023},
    publisher = {Elsevier}
}

@article{okudaira2019minimum,
    title = {Minimum wage effects across heterogeneous markets},
    author = {Okudaira, Hiroko and Takizawa, Miho and Yamanouchi, Kenta},
    journal = {Labour Economics},
    volume = {59},
    pages = {110--122},
    year = {2019},
    publisher = {Elsevier}
}

@article{gregory2022minimum,
    title = {When the minimum wage really bites hard: The negative spillover effect on high-skilled workers},
    author = {Gregory, Terry and Zierahn, Ulrich},
    journal = {Journal of Public Economics},
    volume = {206},
    pages = {104582},
    year = {2022},
    publisher = {Elsevier}
}

@article{wong2019minimum,
    title = {Minimum wage impacts on wages and hours worked of low-income workers in Ecuador},
    author = {Wong, Sara A},
    journal = {World Development},
    volume = {116},
    pages = {77--99},
    year = {2019},
    publisher = {Elsevier}
}

@article{alexandre2022minimum,
    title = {Minimum wage and financially distressed firms: another one bites the dust},
    author = {Alexandre, Fernando and Ba{\c{c}}{\~a}o, Pedro and Cerejeira, Jo{\~a}o and Costa, H{\'e}lder and Portela, Miguel},
    journal = {Labour Economics},
    volume = {74},
    pages = {102088},
    year = {2022},
    publisher = {Elsevier}
}

@article{callaway2021difference,
    title = {Difference-in-differences with multiple time periods},
    author = {Callaway, Brantly and Santâ€™Anna, Pedro HC},
    journal = {Journal of econometrics},
    volume = {225},
    number = {2},
    pages = {200--230},
    year = {2021},
    publisher = {Elsevier}
}

@article{lathrop2021raises,
    title = {Raises from Coast to Coast in 2022},
    author = {Lathrop, Yannet},
    journal = {National Employment Law Project (December 2021), available at https://www. nelp. org/publication/raises-from-coast-to-coast-in-2022/, also showing that, in all},
    volume = {33},
    year = {2021}
}

@article{zhang2018does,
    title = {Does central supervision enhance local environmental enforcement? Quasi-experimental evidence from China},
    author = {Zhang, Bing and Chen, Xiaolan and Guo, Huanxiu},
    journal = {Journal of Public Economics},
    volume = {164},
    pages = {70--90},
    year = {2018},
    publisher = {Elsevier}
}

@article{hau2020firm,
    title = {Firm response to competitive shocks: Evidence from Chinaâ€™s minimum wage policy},
    author = {Hau, Harald and Huang, Yi and Wang, Gewei},
    journal = {The Review of Economic Studies},
    volume = {87},
    number = {6},
    pages = {2639--2671},
    year = {2020},
    publisher = {Oxford University Press}
}

@article{harasztosi2019pays,
    title = {Who pays for the minimum wage?},
    author = {Harasztosi, P{\'e}ter and Lindner, Attila},
    journal = {American Economic Review},
    volume = {109},
    number = {8},
    pages = {2693--2727},
    year = {2019},
    publisher = {American Economic Association 2014 Broadway, Suite 305, Nashville, TN 37203}
}

@article{dube2010minimum,
    title = {Minimum wage effects across state borders: Estimates using contiguous counties},
    author = {Dube, Arindrajit and Lester, T William and Reich, Michael},
    journal = {The review of economics and statistics},
    volume = {92},
    number = {4},
    pages = {945--964},
    year = {2010},
    publisher = {The MIT Press}
}

@article{geng2022minimum,
    title = {Minimum wage and corporate investment: Evidence from manufacturing firms in China},
    author = {Geng, Heng Griffin and Huang, Yi and Lin, Chen and Liu, Sibo},
    journal = {Journal of Financial and Quantitative Analysis},
    volume = {57},
    number = {1},
    pages = {94--126},
    year = {2022},
    publisher = {Cambridge University Press}
}

@techreport{hagedorn2013unemployment,
    title = {Unemployment benefits and unemployment in the great recession: the role of macro effects},
    author = {Hagedorn, Marcus and Karahan, Fatih and Manovskii, Iourii and Mitman, Kurt},
    year = {2013},
    institution = {National Bureau of Economic Research}
}

@techreport{deryugina2023long,
    title = {The Long-run Effect of Air Pollution on Survival},
    author = {Deryugina, Tatyana and Reif, Julian},
    year = {2023},
    institution = {National Bureau of Economic Research}
}

@article{coneus2012pollution,
    title = {Pollution exposure and child health: Evidence for infants and toddlers in Germany},
    author = {Coneus, Katja and Spiess, C Katharina},
    journal = {Journal of Health Economics},
    volume = {31},
    number = {1},
    pages = {180--196},
    year = {2012},
    publisher = {Elsevier}
}

@article{kahn2004domestic,
    title = {Domestic pollution havens: Evidence from cancer deaths in border counties},
    author = {Kahn, Matthew E},
    journal = {Journal of Urban Economics},
    volume = {56},
    number = {1},
    pages = {51--69},
    year = {2004},
    publisher = {Elsevier}
}

@article{turner2020outdoor,
    title = {Outdoor air pollution and cancer: An overview of the current evidence and public health recommendations},
    author = {Turner, Michelle C and Andersen, Zorana J and Baccarelli, Andrea and Diver, W Ryan and Gapstur, Susan M and Pope III, C Arden and Prada, Diddier and Samet, Jonathan and Thurston, George and Cohen, Aaron},
    journal = {CA: a cancer journal for clinicians},
    volume = {70},
    number = {6},
    pages = {460--479},
    year = {2020},
    publisher = {Wiley Online Library}
}

@article{vineis2005air,
    title = {Air pollution and cancer: biomarker studies in human populations},
    author = {Vineis, Paolo and Husgafvel-Pursiainen, Kirsti},
    journal = {Carcinogenesis},
    volume = {26},
    number = {11},
    pages = {1846--1855},
    year = {2005},
    publisher = {Oxford University Press}
}

@article{baines2021linking,
    title = {Linking pollution and cancer in aquatic environments: A review},
    author = {Baines, Ciara and Lerebours, Adelaide and Thomas, Frederic and Fort, Jerome and Kreitsberg, Randel and Gentes, Sophie and Meitern, Richard and Saks, Lauri and Ujvari, Beata and Giraudeau, Mathieu and others},
    journal = {Environment International},
    volume = {149},
    pages = {106391},
    year = {2021},
    publisher = {Elsevier}
}

@article{turner2017ambient,
    title = {Ambient air pollution and cancer mortality in the cancer prevention study II},
    author = {Turner, Michelle C and Krewski, Daniel and Diver, W Ryan and Pope III, C Arden and Burnett, Richard T and Jerrett, Michael and Marshall, Julian D and Gapstur, Susan M},
    journal = {Environmental health perspectives},
    volume = {125},
    number = {8},
    pages = {087013},
    year = {2017}
}

@article{gopalan2021state,
    title = {State minimum wages, employment, and wage spillovers: Evidence from administrative payroll data},
    author = {Gopalan, Radhakrishnan and Hamilton, Barton H and Kalda, Ankit and Sovich, David},
    journal = {Journal of Labor Economics},
    volume = {39},
    number = {3},
    pages = {673--707},
    year = {2021},
    publisher = {The University of Chicago Press Chicago, IL}
}

@article{dai2023minimum,
    title = {Minimum wage hikes and technology adoption: Evidence from US establishments},
    author = {Dai, Xin and Qiu, Yue},
    journal = {Journal of Financial and Quantitative Analysis},
    pages = {1--39},
    year = {2023}
}

@article{li2020labor,
    title = {Labor cost, government intervention, and corporate innovation: Evidence from China},
    author = {Li, Jianqiang and Shan, Yaowen and Tian, Gary and Hao, Xiangchao},
    journal = {Journal of Corporate Finance},
    volume = {64},
    pages = {101668},
    year = {2020},
    publisher = {Elsevier}
}

@article{du2022minimum,
    title = {The minimum wage and the financialization of firms: Evidence from China},
    author = {Du, Pengcheng and Zheng, Yi and Wang, Shuxun},
    journal = {China Economic Review},
    volume = {76},
    pages = {101870},
    year = {2022},
    publisher = {Elsevier}
}

@article{acemoglu2010does,
    title = {When does labor scarcity encourage innovation?},
    author = {Acemoglu, Daron},
    journal = {Journal of Political Economy},
    volume = {118},
    number = {6},
    pages = {1037--1078},
    year = {2010},
    publisher = {University of Chicago Press Chicago, IL}
}

@article{dube2019fairness,
    title = {Fairness and frictions: The impact of unequal raises on quit behavior},
    author = {Dube, Arindrajit and Giuliano, Laura and Leonard, Jonathan},
    journal = {American Economic Review},
    volume = {109},
    number = {2},
    pages = {620--663},
    year = {2019},
    publisher = {American Economic Association 2014 Broadway, Suite 305, Nashville, TN 37203}
}

@misc{jardim2018minimum,
    title = {Minimum wage increases, wages, and low-wage employment: Evidence from Seattle (NBRE Working Paper 23532)},
    author = {Jardim, E and Long, M and Plotnick, R and van Inwegen, E and Vigdor, J and Wething, H},
    year = {2018},
    publisher = {National Bureau of Economic Research. https://doi. org/10.3386/w23532}
}

@article{zhang2019distributional,
    title = {Distributional effects of local minimum wage hikes: A spatial job search approach},
    author = {Zhang, Weilong},
    journal = {Available at SSRN 3309362},
    year = {2019}
}

@article{neumark2014revisiting,
    title = {Revisiting the minimum wageâ€”Employment debate: Throwing out the baby with the bathwater?},
    author = {Neumark, David and Salas, JM Ian and Wascher, William},
    journal = {Ilr Review},
    volume = {67},
    number = {3\_suppl},
    pages = {608--648},
    year = {2014},
    publisher = {SAGE Publications Sage CA: Los Angeles, CA}
}

@article{clemens2019making,
    title = {Making sense of the minimum wage: A roadmap for navigating recent research},
    author = {Clemens, Jeffrey P},
    journal = {CATO Institute Policy Analysis},
    number = {867},
    year = {2019}
}

@article{neumark2019econometrics,
    title = {The econometrics and economics of the employment effects of minimum wages: Getting from known unknowns to known knowns},
    author = {Neumark, David},
    journal = {German Economic Review},
    volume = {20},
    number = {3},
    pages = {293--329},
    year = {2019},
    publisher = {De Gruyter}
}

@article{grossman1995economic,
    title = {Economic growth and the environment},
    author = {Grossman, Gene M and Krueger, Alan B},
    journal = {The quarterly journal of economics},
    volume = {110},
    number = {2},
    pages = {353--377},
    year = {1995},
    publisher = {mit Press}
}

@article{olden2022triple,
    title = {The triple difference estimator},
    author = {Olden, Andreas and M{\o}en, Jarle},
    journal = {The Econometrics Journal},
    volume = {25},
    number = {3},
    pages = {531--553},
    year = {2022},
    publisher = {Oxford University Press}
}

@article{baumol1982contestable,
    title = {Contestable markets: an uprising in the theory of industry structure},
    author = {Baumol, William J and others},
    journal = {American economic review},
    volume = {72},
    number = {1},
    pages = {1--15},
    year = {1982}
}

@article{de2020two,
    title = {Two-way fixed effects estimators with heterogeneous treatment effects},
    author = {De Chaisemartin, Cl{\'e}ment and dâ€™Haultfoeuille, Xavier},
    journal = {American economic review},
    volume = {110},
    number = {9},
    pages = {2964--2996},
    year = {2020},
    publisher = {American Economic Association 2014 Broadway, Suite 305, Nashville, TN 37203}
}

@article{weinstock1982using,
    title = {Using the Herfindahl Index to measure concentration},
    author = {Weinstock, David S},
    journal = {The Antitrust Bulletin},
    volume = {27},
    number = {2},
    pages = {285--301},
    year = {1982},
    publisher = {SAGE Publications Sage CA: Los Angeles, CA}
}