%! Author = david
%! Date = 27/12/2022

